%YAML 1.1
%TAG !u! tag:unity3d.com,2011:
--- !u!1001 &100100000
Prefab:
  m_ObjectHideFlags: 1
  serializedVersion: 2
  m_Modification:
    m_TransformParent: {fileID: 0}
    m_Modifications: []
    m_RemovedComponents: []
  m_SourcePrefab: {fileID: 0}
  m_RootGameObject: {fileID: 1703739813964650}
  m_IsPrefabAsset: 1
--- !u!1 &1703739813964650
GameObject:
  m_ObjectHideFlags: 0
  m_CorrespondingSourceObject: {fileID: 0}
  m_PrefabInternal: {fileID: 100100000}
  serializedVersion: 6
  m_Component:
  - component: {fileID: 4478562634821544}
  - component: {fileID: 212885631139010846}
  - component: {fileID: 61699305712694530}
  - component: {fileID: 50482334201289116}
  - component: {fileID: 114382090311693832}
  m_Layer: 0
  m_Name: SoySauce
  m_TagString: SoySauce
  m_Icon: {fileID: 0}
  m_NavMeshLayer: 0
  m_StaticEditorFlags: 0
  m_IsActive: 1
--- !u!4 &4478562634821544
Transform:
  m_ObjectHideFlags: 1
  m_CorrespondingSourceObject: {fileID: 0}
  m_PrefabInternal: {fileID: 100100000}
  m_GameObject: {fileID: 1703739813964650}
  m_LocalRotation: {x: 0, y: 0, z: 0, w: 1}
  m_LocalPosition: {x: 0.7, y: -4.08, z: 0}
  m_LocalScale: {x: 0.21251257, y: 0.15093684, z: 1}
  m_Children: []
  m_Father: {fileID: 0}
  m_RootOrder: 0
  m_LocalEulerAnglesHint: {x: 0, y: 0, z: 0}
--- !u!50 &50482334201289116
Rigidbody2D:
  serializedVersion: 4
  m_ObjectHideFlags: 1
  m_CorrespondingSourceObject: {fileID: 0}
  m_PrefabInternal: {fileID: 100100000}
  m_GameObject: {fileID: 1703739813964650}
  m_BodyType: 1
  m_Simulated: 1
  m_UseFullKinematicContacts: 0
  m_UseAutoMass: 0
  m_Mass: 1
  m_LinearDrag: 0
  m_AngularDrag: 0.05
  m_GravityScale: 1
  m_Material: {fileID: 0}
  m_Interpolate: 0
  m_SleepingMode: 1
  m_CollisionDetection: 0
  m_Constraints: 0
--- !u!61 &61699305712694530
BoxCollider2D:
  m_ObjectHideFlags: 1
  m_CorrespondingSourceObject: {fileID: 0}
  m_PrefabInternal: {fileID: 100100000}
  m_GameObject: {fileID: 1703739813964650}
  m_Enabled: 1
  m_Density: 1
  m_Material: {fileID: 0}
  m_IsTrigger: 1
  m_UsedByEffector: 0
  m_UsedByComposite: 0
  m_Offset: {x: 0, y: 0}
  m_SpriteTilingProperty:
    border: {x: 0, y: 0, z: 0, w: 0}
    pivot: {x: 0.5, y: 0.5}
    oldSize: {x: 4.02, y: 6.24}
    newSize: {x: 4.02, y: 6.24}
    adaptiveTilingThreshold: 0.5
    drawMode: 0
    adaptiveTiling: 0
  m_AutoTiling: 0
  serializedVersion: 2
  m_Size: {x: 1.91, y: 4.07}
  m_EdgeRadius: 0
--- !u!114 &114382090311693832
MonoBehaviour:
  m_ObjectHideFlags: 1
  m_CorrespondingSourceObject: {fileID: 0}
  m_PrefabInternal: {fileID: 100100000}
  m_GameObject: {fileID: 1703739813964650}
  m_Enabled: 1
  m_EditorHideFlags: 0
  m_Script: {fileID: 11500000, guid: c35947cf3680500449fe399ea4572bb2, type: 3}
  m_Name: 
  m_EditorClassIdentifier: 
  decreaseSpeed: 1
  barTime: {fileID: 0}
  bar: {fileID: 0}
  multiplier: 1.4
  duration: 10
  wasabiTime: 0
  soyTime: 0
  isWasabiActive: 0
  isSoyActive: 0
  powerUpUI:
    m_PersistentCalls:
      m_Calls: []
    m_TypeName: UnityEngine.Events.UnityEvent, UnityEngine.CoreModule, Version=0.0.0.0,
      Culture=neutral, PublicKeyToken=null
  pickupEffect: {fileID: 1506157932171084, guid: 4ad12d8d2d4973f45984e1882dd993d0,
    type: 2}
  soySprites:
  - {fileID: 21300000, guid: 08453ff8efa5c9749b981064be599e88, type: 3}
  - {fileID: 21300000, guid: 5e50d6dc5aa741b4284b3c591b61274f, type: 3}
  - {fileID: 21300000, guid: 4439a7c8ecc0409468bbc539607d9372, type: 3}
  - {fileID: 21300000, guid: b96c454106f1a7744b0b1d676b21bce6, type: 3}
  - {fileID: 21300000, guid: d1d6a1ae559dfab4094cde2dcb80968b, type: 3}
  - {fileID: 21300000, guid: 25b1dd9eb64a16c44935950991864e2d, type: 3}
  - {fileID: 21300000, guid: b474e19048cea2e4a85d1ba5bb5dd69e, type: 3}
  - {fileID: 21300000, guid: 7cad80d22880047409a0a6b55be3a114, type: 3}
  - {fileID: 21300000, guid: 19aaec9096063c649a13dec9d2027bd0, type: 3}
  - {fileID: 21300000, guid: fe63be32c0ef2194b857b313164c3394, type: 3}
  wasabiSprites: []
--- !u!212 &212885631139010846
SpriteRenderer:
  m_ObjectHideFlags: 1
  m_CorrespondingSourceObject: {fileID: 0}
  m_PrefabInternal: {fileID: 100100000}
  m_GameObject: {fileID: 1703739813964650}
  m_Enabled: 1
  m_CastShadows: 0
  m_ReceiveShadows: 0
  m_DynamicOccludee: 1
  m_MotionVectors: 1
  m_LightProbeUsage: 1
  m_ReflectionProbeUsage: 1
  m_RenderingLayerMask: 4294967295
  m_Materials:
  - {fileID: 10754, guid: 0000000000000000f000000000000000, type: 0}
  m_StaticBatchInfo:
    firstSubMesh: 0
    subMeshCount: 0
  m_StaticBatchRoot: {fileID: 0}
  m_ProbeAnchor: {fileID: 0}
  m_LightProbeVolumeOverride: {fileID: 0}
  m_ScaleInLightmap: 1
  m_PreserveUVs: 0
  m_IgnoreNormalsForChartDetection: 0
  m_ImportantGI: 0
  m_StitchLightmapSeams: 0
  m_SelectedEditorRenderState: 0
  m_MinimumChartSize: 4
  m_AutoUVMaxDistance: 0.5
  m_AutoUVMaxAngle: 89
  m_LightmapParameters: {fileID: 0}
  m_SortingLayerID: 0
  m_SortingLayer: 0
  m_SortingOrder: 0
  m_Sprite: {fileID: 21300000, guid: 8348cc8547abc6741ad14a8ebf39b0a3, type: 3}
  m_Color: {r: 1, g: 1, b: 1, a: 1}
  m_FlipX: 0
  m_FlipY: 0
  m_DrawMode: 0
  m_Size: {x: 4.02, y: 6.24}
  m_AdaptiveModeThreshold: 0.5
  m_SpriteTileMode: 0
  m_WasSpriteAssigned: 1
  m_MaskInteraction: 0
  m_SpriteSortPoint: 0
